<record><leader>00000cas a22000007a 4500</leader><controlfield tag="001">27426297</controlfield><controlfield tag="008">930212d19021909akuwr ne      0    0eng d</controlfield><datafield ind1=" " ind2=" " tag="010"><subfield code="a">sn 93059165 </subfield></datafield><datafield ind1=" " ind2=" " tag="040"><subfield code="a">MGN</subfield><subfield code="b">eng</subfield><subfield code="c">MGN</subfield><subfield code="d">ANE</subfield><subfield code="d">OCLCQ</subfield></datafield><datafield ind1=" " ind2=" " tag="042"><subfield code="a">msc</subfield></datafield><datafield ind1="0" ind2="0" tag="245"><subfield code="a">Alaska sentinel.</subfield></datafield><datafield ind1=" " ind2=" " tag="260"><subfield code="a">Wrangell, Alaska :</subfield><subfield code="b">A.V.R. Snyder,</subfield><subfield code="c">1902-</subfield></datafield><datafield ind1=" " ind2=" " tag="300"><subfield code="a">v.</subfield></datafield><datafield ind1=" " ind2=" " tag="310"><subfield code="a">Weekly</subfield></datafield><datafield ind1="0" ind2=" " tag="362"><subfield code="a">Vol. 1, no. 1 (Nov. 20, 1902)-</subfield></datafield><datafield ind1="1" ind2=" " tag="362"><subfield code="a">Ceased in Feb. 1909?</subfield></datafield><datafield ind1=" " ind2=" " tag="752"><subfield code="a">United States</subfield><subfield code="b">Alaska</subfield><subfield code="d">Wrangell.</subfield></datafield><datafield ind1="0" ind2="0" tag="785"><subfield code="t">Wrangell sentinel</subfield><subfield code="w">(DLC)sn 94050093</subfield><subfield code="w">(OCoLC)31222148</subfield></datafield></record>